<?xml version="1.0" encoding="UTF-8"?><collection xmlns="http://www.loc.gov/MARC21/slim"><record><leader>00482nam--2200169-i-4500</leader><controlfield tag="001">000030925</controlfield><controlfield tag="002">20161230</controlfield><controlfield tag="005">20170203094914</controlfield><controlfield tag="008">060222s1000------------r-----000-0-eng-d</controlfield><datafield ind1=" " ind2=" " tag="040"><subfield code="a">IFIN-HH</subfield></datafield><datafield ind1="1" ind2=" " tag="100"><subfield code="a">Norenberg, Wolfgang</subfield></datafield><datafield ind1="1" ind2="0" tag="245"><subfield code="a">Introduction to the Theory of Heavy Ion Collisions</subfield><subfield code="c">Wolfgang Norenberg</subfield></datafield><datafield ind1=" " ind2=" " tag="260"><subfield code="b">Springer -Verlag</subfield><subfield code="a">Berlin</subfield><subfield code="c">1981</subfield></datafield><datafield ind1=" " ind2=" " tag="490"><subfield code="a">Lecture Notes in Physics</subfield><subfield code="v">vol.151</subfield></datafield><datafield ind1=" " ind2=" " tag="700"><subfield code="a">J.Ehlers</subfield></datafield><datafield ind1=" " ind2=" " tag="852"><subfield code="a">33191</subfield><subfield code="c">53</subfield></datafield><datafield ind1=" " ind2=" " tag="CAT"><subfield code="a">SYS</subfield><subfield code="c">20170203</subfield><subfield code="h">094914</subfield></datafield></record></collection>